
@Article{	  argus2011geologically,
  title		= {Geologically current motion of 56 plates relative to the
		  no-net-rotation reference frame},
  author	= {Argus, Donald F and Gordon, Richard G and DeMets,
		  Charles},
  journal	= {Geochemistry, Geophysics, Geosystems},
  volume	= {12},
  number	= {11},
  year		= {2011},
  publisher	= {Wiley Online Library}
}

@Manual{	  aspectweb,
  title		= {ASPECT: Advanced Solver for Problems in Earth's
		  ConvecTion},
  author	= {W. Bangerth and T. Heister and others},
  year		= {2015},
  note		= {\texttt{https://aspect.dealii.org/}},
  url		= {https://aspect.dealii.org/}
}

@Book{		  barenblatt1996scaling,
  title		= {Scaling, self-similarity, and intermediate asymptotics:
		  dimensional analysis and intermediate asymptotics},
  author	= {Barenblatt, Grigory Isaakovich},
  year		= {1996},
  publisher	= {Cambridge University Press}
}

@Article{	  baumann2014constraining,
  title		= {Constraining effective rheology through parallel joint
		  geodynamic inversion},
  author	= {Baumann, Tobias S and Kaus, Boris JP and Popov, Anton A},
  journal	= {Tectonophysics},
  volume	= {631},
  pages		= {197--211},
  year		= {2014},
  publisher	= {Elsevier}
}

@Article{	  bbhk10,
  author	= {Bangerth, W. and Burstedde, C. and Heister, T. and
		  Kronbichler, M.},
  title		= {Algorithms and Data Structures for Massively Parallel
		  Generic Adaptive Finite Element Codes},
  journal	= {ACM Trans. Math. Softw.},
  volume	= "38",
  number	= "2",
  year		= {2011}
}

@Article{	  beck1989paleomagnetism,
  title		= {Paleomagnetism of continental North America; Implications
		  for displacement of crustal blocks within the Western
		  Cordillera, Baja California to British Columbia},
  author	= {Beck, Myrl E},
  journal	= {Geological Society of America Memoirs},
  volume	= {172},
  pages		= {471--492},
  year		= {1989},
  publisher	= {Geological Society of America}
}

@Article{	  beck2003absolute,
  title		= {Absolute velocity of North America during the Mesozoic
		  from paleomagnetic data},
  author	= {Beck, Myrl E and Housen, Bernard A},
  journal	= {Tectonophysics},
  volume	= {377},
  number	= {1},
  pages		= {33--54},
  year		= {2003},
  publisher	= {Elsevier}
}

@Article{	  besse2002apparent,
  title		= {Apparent and true polar wander and the geometry of the
		  geomagnetic field over the last 200 Myr},
  author	= {Besse, Jean and Courtillot, Vincent},
  journal	= {Journal of Geophysical Research},
  volume	= {107},
  number	= {B11},
  pages		= {2300},
  year		= {2002},
  publisher	= {American Geophysical Union}
}

@Article{	  boyden2011next,
  title		= {Next-generation plate-tectonic reconstructions using
		  GPlates},
  author	= {Boyden, James A and M{\"u}ller, R Dietmar and Gurnis,
		  Michael and Torsvik, Trond H and Clark, James A and Turner,
		  Mark and Ivey-Law, Hamish and Watson, Robin J and Cannon,
		  John S},
  journal	= {Geoinformatics: cyberinfrastructure for the solid earth
		  sciences},
  volume	= {9},
  pages		= {5--114},
  year		= {2011},
  publisher	= {Cambridge University Press Cambridge UK}
}

@Article{	  braginsky1995equations,
  title		= {Equations governing convection in Earth's core and the
		  geodynamo},
  author	= {Braginsky, Stanislav I and Roberts, Paul H},
  journal	= {Geophysical \& Astrophysical Fluid Dynamics},
  volume	= {79},
  number	= {1-4},
  pages		= {1--97},
  year		= {1995},
  publisher	= {Taylor \& Francis}
}

@Article{	  bryan1986rotation,
  title		= {Rotation of the Colorado Plateau: An analysis of
		  paleomagnetic data},
  author	= {Bryan, Phillip and Gordon, Richard G},
  journal	= {Tectonics},
  volume	= {5},
  number	= {4},
  pages		= {661--667},
  year		= {1986},
  publisher	= {Wiley Online Library}
}

@Article{	  bull2014effect,
  title		= {The effect of plate motion history on the longevity of
		  deep mantle heterogeneities},
  author	= {Bull, Abigail L and Domeier, Mathew and Torsvik, Trond H},
  journal	= {Earth and Planetary Science Letters},
  volume	= {401},
  pages		= {172--182},
  year		= {2014},
  publisher	= {Elsevier}
}

@Article{	  burstedde2011p4est,
  title		= {p4est: {S}calable algorithms for parallel adaptive mesh
		  refinement on forests of octrees},
  author	= {Burstedde, Carsten and Wilcox, Lucas C and Ghattas, Omar},
  journal	= {SIAM Journal on Scientific Computing},
  volume	= {33},
  number	= {3},
  pages		= {1103--1133},
  year		= {2011},
  publisher	= {SIAM}
}

@Article{	  cambiotti2011new,
  title		= {New insights into mantle convection true polar wander and
		  rotational bulge readjustment},
  author	= {Cambiotti, Gabriele and Ricard, Yanick and Sabadini,
		  Roberto},
  journal	= {Earth and Planetary Science Letters},
  volume	= {310},
  number	= {3},
  pages		= {538--543},
  year		= {2011},
  publisher	= {Elsevier}
}

@Article{	  chambat2001mean,
  title		= {Mean radius, mass, and inertia for reference Earth
		  models},
  author	= {Chambat, Fr{\'e}d{\'e}ric and Valette, Bernard},
  journal	= {Physics of the Earth and Planetary Interiors},
  volume	= {124},
  number	= {3},
  pages		= {237--253},
  year		= {2001},
  publisher	= {Elsevier}
}

@Article{	  chambat2010flattening,
  title		= {Flattening of the Earth: further from hydrostaticity than
		  previously estimated},
  author	= {Chambat, F and Ricard, Y and Valette, Bernard},
  journal	= {Geophysical Journal International},
  volume	= {183},
  number	= {2},
  pages		= {727--732},
  year		= {2010},
  publisher	= {Oxford University Press}
}

@Article{	  chan2014time,
  title		= {Time-dependent rotational stability of dynamic planets
		  with elastic lithospheres},
  author	= {Chan, N-H and Mitrovica, JX and Daradich, A and Creveling,
		  JR and Matsuyama, I and Stanley, S},
  journal	= {Journal of Geophysical Research: Planets},
  volume	= {119},
  number	= {1},
  pages		= {169--188},
  year		= {2014},
  publisher	= {Wiley Online Library}
}

@Article{	  choi2013dynearthsol2d,
  title		= {{D}yn{E}arth{S}ol2D: An efficient unstructured finite
		  element method to study long-term tectonic deformation},
  author	= {Choi, E and Tan, E and Lavier, LL and Calo, Victor M},
  journal	= {Journal of Geophysical Research: Solid Earth},
  volume	= {118},
  number	= {5},
  pages		= {2429--2444},
  year		= {2013},
  publisher	= {Wiley Online Library}
}

@Book{		  cox2009plate,
  title		= {Plate tectonics: how it works},
  author	= {Cox, Allan and Hart, Robert Brian},
  year		= {2009},
  publisher	= {John Wiley \& Sons}
}

@Article{	  crameri2012comparison,
  title		= {A comparison of numerical surface topography calculations
		  in geodynamic modelling: An evaluation of the `sticky air'
		  method},
  author	= {Crameri, F and Schmeling, H and Golabek, GJ and Duretz, T
		  and Orendt, R and Buiter, SJH and May, DA and Kaus, BJP and
		  Gerya, TV and Tackley, PJ},
  journal	= {Geophysical Journal International},
  volume	= {189},
  number	= {1},
  pages		= {38--54},
  year		= {2012},
  publisher	= {Oxford University Press}
}

@Article{	  crameri2012free,
  title		= {A free plate surface and weak oceanic crust produce
		  single-sided subduction on Earth},
  author	= {Crameri, Fabio and Tackley, PJ and Meilick, Irena and
		  Gerya, TV and Kaus, BJP},
  journal	= {Geophysical Research Letters},
  volume	= {39},
  number	= {3},
  year		= {2012},
  publisher	= {Wiley Online Library}
}

@Article{	  creveling2012mechanisms,
  title		= {Mechanisms for oscillatory true polar wander},
  author	= {Creveling, JR and Mitrovica, JX and Chan, N-H and
		  Latychev, K and Matsuyama, I},
  journal	= {Nature},
  volume	= {491},
  number	= {7423},
  pages		= {244--248},
  year		= {2012},
  publisher	= {Nature Publishing Group}
}

@Article{	  dahlen1999theoretical,
  title		= {Theoretical Global Seismology},
  author	= {Dahlen, FA and Tromp, Jeroen and Lay, Thorne},
  journal	= {Physics Today},
  volume	= {52},
  pages		= {61},
  year		= {1999}
}

@Article{	  darwin1887influence,
  title		= {On the influence of geological changes on the Earth's axis
		  of rotation},
  journal	= {Philosophical Transactions of the Royal Society},
  author	= {Darwin, George},
  year		= {1887}
}

@Article{	  davis1970rotation,
  title		= {The rotation of eigenvectors by a perturbation. III},
  author	= {Davis, Chandler and Kahan, William Morton},
  journal	= {SIAM Journal on Numerical Analysis},
  volume	= {7},
  number	= {1},
  pages		= {1--46},
  year		= {1970},
  publisher	= {SIAM}
}

@Article{	  dealii82,
  title		= {The \texttt{deal.II} Library, Version 8.2},
  author	= {W. Bangerth and T. Heister and L. Heltai and G. Kanschat
		  and M. Kronbichler and M. Maier and B. Turcksin and T. D.
		  Young},
  journal	= {Archive of Numerical Software},
  volume	= 3,
  year		= {2015}
}

###Article{	  dealii82,
  title		= {The \texttt{deal.II} Library, Version 8.2},
  author	= {W. Bangerth and T. Heister and L. Heltai and G. Kanschat
		  and M. Kronbichler and M. Maier and B. Turcksin and T. D.
		  Young},
  journal	= {Archive of Numerical Software},
  volume	= 3,
  year		= {2015}
}

@Article{	  demets1990current,
  title		= {Current plate motions},
  author	= {DeMets, Charles and Gordon, R Go and Argus, DF and Stein,
		  Seth},
  journal	= {Geophysical journal international},
  volume	= {101},
  number	= {2},
  pages		= {425--478},
  year		= {1990},
  publisher	= {Oxford University Press}
}

@Misc{		  donea2004encyclopedia,
  title		= {Encyclopedia of Computational Mechanics Vol. 1:
		  Fundamentals., {C}hapter 14: Arbitrary
		  {L}agrangian-{E}ulerian Methods},
  author	= {Donea, J and Huerta, Antonio and Ponthot, J-Ph and
		  Rodriguez-Ferran, A},
  year		= {2004},
  publisher	= {Wiley \& Sons}
}

@Article{	  duretz2011discretization,
  title		= {Discretization errors and free surface stabilization in
		  the finite difference and marker-in-cell method for applied
		  geodynamics: A numerical study},
  author	= {Duretz, T and May, DA and Gerya, TV and Tackley, PJ},
  journal	= {Geochemistry, Geophysics, Geosystems},
  volume	= {12},
  number	= {7},
  year		= {2011},
  publisher	= {Wiley Online Library}
}

@Article{	  dziewonski2010mantle,
  title		= {Mantle Anchor Structure: An argument for bottom up
		  tectonics},
  author	= {Dziewonski, Adam M and Lekic, Vedran and Romanowicz,
		  Barbara A},
  journal	= {Earth and Planetary Science Letters},
  volume	= {299},
  number	= {1},
  pages		= {69--79},
  year		= {2010},
  publisher	= {Elsevier}
}

@Article{	  evans2003true,
  title		= {True polar wander and supercontinents},
  author	= {Evans, David AD},
  journal	= {Tectonophysics},
  volume	= {362},
  number	= {1},
  pages		= {303--320},
  year		= {2003},
  publisher	= {Elsevier}
}

@Book{		  fisher1987statistical,
  title		= {Statistical analysis of spherical data},
  author	= {Fisher, Nicholas I and Lewis, Toby and Embleton, Brian
		  JJ},
  year		= {1987},
  publisher	= {Cambridge university press}
}

@Article{	  fullsack1995arbitrary,
  title		= {An arbitrary {L}agrangian-{E}ulerian formulation for
		  creeping flows and its application in tectonic models},
  author	= {Fullsack, Philippe},
  journal	= {Geophysical Journal International},
  volume	= {120},
  number	= {1},
  pages		= {1--23},
  year		= {1995},
  publisher	= {Oxford University Press}
}

@Book{		  fung1965foundations,
  title		= {Foundations of solid mechanics},
  author	= {Fung, Yuan-cheng},
  year		= {1965},
  publisher	= {Prentice Hall}
}

@Article{	  furuichi2015implicit,
  title		= {Implicit solution of the material transport in {S}tokes
		  flow simulation: Toward thermal convection simulation
		  surrounded by free surface},
  author	= {Furuichi, Mikito and May, Dave A},
  journal	= {Computer Physics Communications},
  volume	= {192},
  pages		= {1--11},
  year		= {2015},
  publisher	= {Elsevier}
}

@Article{	  ghosh1991arbitrary,
  title		= {An arbitrary {L}agrangian-{E}ulerian finite element method
		  for large deformation analysis of elastic-viscoplastic
		  solids},
  author	= {Ghosh, Somnath and Kikuchi, Noboru},
  journal	= {Computer Methods in Applied Mechanics and Engineering},
  volume	= {86},
  number	= {2},
  pages		= {127--188},
  year		= {1991},
  publisher	= {Elsevier}
}

@Article{	  gold1955instability,
  title		= {Instability of the Earth's axis of rotation},
  journal	= {Nature},
  author	= {Gold, Thomas},
  year		= {1955},
  publisher	= {Nature Publishing Group}
}

@Article{	  goldreich1969some,
  title		= {Some remarks on polar wandering},
  author	= {Goldreich, Peter and Toomre, Alar},
  journal	= {Journal of Geophysical Research},
  volume	= {74},
  number	= {10},
  pages		= {2555--2567},
  year		= {1969},
  publisher	= {American Geophysical Union}
}

@Book{		  goldstein1965classical,
  title		= {Classical mechanics},
  author	= {Goldstein, Herbert},
  year		= {1965},
  publisher	= {Pearson Education India}
}

@Book{		  golub2012matrix,
  title		= {Matrix computations},
  author	= {Golub, Gene H and Van Loan, Charles F},
  volume	= {3},
  year		= {2012},
  publisher	= {JHU Press}
}

@Article{	  gordon1984paleomagnetic,
  title		= {Paleomagnetic {E}uler poles and the apparent polar wander
		  and absolute motion of {N}orth {A}merica since the
		  Carboniferous},
  author	= {Gordon, Richard G and Cox, Allan and O'Hare, Scott},
  journal	= {Tectonics},
  volume	= {3},
  number	= {5},
  pages		= {499--537},
  year		= {1984},
  publisher	= {Wiley Online Library}
}

@Article{	  gordon1991no,
  title		= {No-net-rotation model of current plate velocities
		  incorporating plate motion model {N}{U}{V}{E}{L}-1},
  author	= {Gordon, Richard G},
  journal	= {Geophysical research letters},
  volume	= {18},
  pages		= {2039--2042},
  year		= {1991}
}

@Article{	  greff2004upwelling,
  title		= {Upwelling plumes, superswells and true polar wander},
  author	= {Greff-Lefftz, Marianne},
  journal	= {Geophysical Journal International},
  volume	= {159},
  number	= {3},
  pages		= {1125--1137},
  year		= {2004},
  publisher	= {Oxford University Press}
}

@Article{	  hager1985lower,
  title		= {Lower mantle heterogeneity, dynamic topography and the
		  geoid},
  author	= {Hager, Bradford H and Clayton, Robert W and Richards, Mark
		  A and Comer, Robert P and Dziewonski, Adam M},
  journal	= {Nature},
  volume	= {313},
  number	= {6003},
  pages		= {541--545},
  year		= {1985}
}

@Article{	  hillebrand2014using,
  author	= {Hillebrand, B. and Thieulot, C. and Geenen, T. and van den
		  Berg, A. P. and Spakman, W.},
  title		= {Using the level set method in geodynamical modeling of
		  multi-material flows and {E}arth's free surface},
  journal	= {Solid Earth},
  volume	= {5},
  year		= {2014},
  number	= {2},
  pages		= {1087--1098}
}

@Article{	  hunter2007matplotlib,
  author	= {J. D. Hunter},
  journal	= {Computing in Science Engineering},
  title		= {Matplotlib: A 2D Graphics Environment},
  year		= {2007},
  volume	= {9},
  number	= {3},
  pages		= {90-95},
  keywords	= {computer graphics;mathematics computing;object-oriented
		  programming;software packages;2D graphics
		  package;Matplotlib;Python;application
		  development;interactive scripting;operating
		  system;publication-quality image generation;user
		  interface;Computer languages;Equations;Graphical user
		  interfaces;Graphics;Image
		  generation;Interpolation;Operating
		  systems;Packaging;Programming profession;User
		  interfaces;Python;application development;scientific
		  programming;scripting languages},
  doi		= {10.1109/MCSE.2007.55},
  issn		= {1521-9615},
  month		= {May}
}

###Article{	  hunter2007matplotlib,
  title		= {Matplotlib: A 2D graphics environment},
  author	= {Hunter, John D and others},
  journal	= {Computing in science and engineering},
  volume	= {9},
  number	= {3},
  pages		= {90--95},
  year		= {2007}
}

@Article{	  idnurm1985latei,
  title		= {Late {M}esozoic and {C}enozoic palaeomagnetism of
		  {A}ustralia—{I}. A redetermined apparent polar wander
		  path},
  author	= {Idnurm, Mart},
  journal	= {Geophysical Journal International},
  volume	= {83},
  number	= {2},
  pages		= {399--418},
  year		= {1985},
  publisher	= {Oxford University Press}
}

@Article{	  idnurm1985lateii,
  title		= {Late {M}esozoic and {C}enozoic palaeomagnetism of
		  {A}ustralia—{I}{I}. Implications for geomagnetism and
		  true polar wander},
  author	= {Idnurm, Mart},
  journal	= {Geophysical Journal International},
  volume	= {83},
  number	= {2},
  pages		= {419--433},
  year		= {1985},
  publisher	= {Oxford University Press}
}

@Article{	  irving1972hairpins,
  title		= {Hairpins and superintervals},
  author	= {Irving, E and Park, JK},
  journal	= {Canadian Journal of Earth Sciences},
  volume	= {9},
  number	= {10},
  pages		= {1318--1324},
  year		= {1972},
  publisher	= {NRC Research Press}
}

@Book{		  jackson1998classical,
  title		= {Classical Electrodynamics},
  author	= {Jackson, John David},
  year		= {1998},
  publisher	= {Wiley}
}

@Article{	  jarvis1982mantle,
  title		= {Mantle convection as a boundary layer phenomenon},
  author	= {Jarvis, Gary T and Peltier, WR},
  journal	= {Geophysical Journal International},
  volume	= {68},
  number	= {2},
  pages		= {389--427},
  year		= {1982},
  publisher	= {Oxford University Press}
}

@Article{	  kaus2010stabilization,
  title		= {A stabilization algorithm for geodynamic numerical
		  simulations with a free surface},
  author	= {Kaus, Boris JP and M{\"u}hlhaus, Hans and May, Dave A},
  journal	= {Physics of the Earth and Planetary Interiors},
  volume	= {181},
  number	= {1},
  pages		= {12--20},
  year		= {2010},
  publisher	= {Elsevier}
}

@Article{	  kirschvink1997evidence,
  title		= {Evidence for a large-scale reorganization of Early
		  Cambrian continental masses by inertial interchange true
		  polar wander},
  author	= {Kirschvink, Joseph L and Ripperdan, Robert L and Evans,
		  David A},
  journal	= {Science},
  volume	= {277},
  number	= {5325},
  pages		= {541--545},
  year		= {1997},
  publisher	= {American Association for the Advancement of Science}
}

@Article{	  korenaga2010scaling,
  title		= {Scaling of plate tectonic convection with pseudoplastic
		  rheology},
  author	= {Korenaga, Jun},
  journal	= {Journal of Geophysical Research: Solid Earth
		  (1978--2012)},
  volume	= {115},
  number	= {B11},
  year		= {2010},
  publisher	= {Wiley Online Library}
}

@Article{	  kramer2012implicit,
  title		= {An implicit free surface algorithm for geodynamical
		  simulations},
  author	= {Kramer, Stephan C and Wilson, Cian R and Davies, D
		  Rhodri},
  journal	= {Physics of the Earth and Planetary Interiors},
  volume	= {194},
  pages		= {25--37},
  year		= {2012},
  publisher	= {Elsevier}
}

@Article{	  kronbichler2012high,
  title		= {High accuracy mantle convection simulation through modern
		  numerical methods},
  author	= {Kronbichler, Martin and Heister, Timo and Bangerth,
		  Wolfgang},
  journal	= {Geophysical Journal International},
  volume	= {191},
  number	= {1},
  pages		= {12--29},
  year		= {2012},
  publisher	= {Oxford University Press}
}

###Article{	  kronbichler2012high,
  title		= {High accuracy mantle convection simulation through modern
		  numerical methods},
  author	= {Kronbichler, Martin and Heister, Timo and Bangerth,
		  Wolfgang},
  journal	= {Geophysical Journal International},
  volume	= {191},
  number	= {1},
  pages		= {12--29},
  year		= {2012},
  publisher	= {Wiley Online Library}
}

@Book{		  leveque2007finite,
  title		= {Finite difference methods for ordinary and partial
		  differential equations: steady-state and time-dependent
		  problems},
  author	= {LeVeque, Randall J},
  volume	= {98},
  year		= {2007},
  publisher	= {Siam}
}

@Article{	  matsuyama2006rotational,
  author	= {Matsuyama, I. and Mitrovica, J. X. and Manga, M. and
		  Perron, J. T. and Richards, M. A.},
  title		= {Rotational stability of dynamic planets with elastic
		  lithospheres},
  journal	= {Journal of Geophysical Research: Planets},
  volume	= {111},
  number	= {E2},
  issn		= {2156-2202},
  url		= {http://dx.doi.org/10.1029/2005JE002447},
  doi		= {10.1029/2005JE002447},
  pages		= {n/a--n/a},
  keywords	= {Orbital and rotational dynamics, Origin and evolution,
		  Mars, Extra-solar planets, planets, rotational dynamics},
  year		= {2006},
  note		= {E02003}
}

@Article{	  mckenzie1968influence,
  title		= {The influence of the boundary conditions and rotation on
		  convection in the earth's mantle},
  author	= {McKenzie, DP},
  journal	= {Geophysical Journal International},
  volume	= {15},
  number	= {5},
  pages		= {457--500},
  year		= {1968},
  publisher	= {Oxford University Press}
}

@Article{	  mclaughlin1982transition,
  title		= {Transition from periodic to chaotic thermal convection},
  author	= {McLaughlin, John B and Orszag, Steven A},
  journal	= {Journal of Fluid Mechanics},
  volume	= {122},
  pages		= {123--142},
  year		= {1982},
  publisher	= {Cambridge Univ Press}
}

@Article{	  mcnamara2005thermochemical,
  title		= {Thermochemical structures beneath Africa and the Pacific
		  Ocean},
  author	= {McNamara, Allen K and Zhong, Shijie},
  journal	= {Nature},
  volume	= {437},
  number	= {7062},
  pages		= {1136--1139},
  year		= {2005},
  publisher	= {Nature Publishing Group}
}

@Book{		  mickens1994nonstandard,
  title		= {Nonstandard finite difference models of differential
		  equations},
  author	= {Mickens, Ronald E},
  year		= {1994},
  publisher	= {World Scientific}
}

@Article{	  mickens2002nonstandard,
  title		= {Nonstandard finite difference schemes for differential
		  equations},
  author	= {Mickens, Ronald E},
  journal	= {The Journal of Difference Equations and Applications},
  volume	= {8},
  number	= {9},
  pages		= {823--847},
  year		= {2002},
  publisher	= {Taylor \& Francis}
}

@Article{	  mickens2005dynamic,
  title		= {Dynamic consistency: a fundamental principle for
		  constructing nonstandard finite difference schemes for
		  differential equations},
  author	= {Mickens, Ronald E},
  journal	= {Journal of Difference Equations and Applications},
  volume	= {11},
  number	= {7},
  pages		= {645--653},
  year		= {2005},
  publisher	= {Taylor \& Francis}
}

@Article{	  mihaljan1962rigorous,
  title		= {A Rigorous Exposition of the Boussinesq Approximations
		  Applicable to a Thin Layer of Fluid.},
  author	= {Mihaljan, John M},
  journal	= {The Astrophysical Journal},
  volume	= {136},
  pages		= {1126},
  year		= {1962}
}

@Article{	  mitchell2011sutton,
  title		= {Sutton hotspot: Resolving Ediacaran-Cambrian Tectonics and
		  true polar wander for Laurentia},
  author	= {Mitchell, Ross N and Kilian, Taylor M and Raub, Timothy D
		  and Evans, David AD and Bleeker, Wouter and Maloof, Adam
		  C},
  journal	= {American Journal of Science},
  volume	= {311},
  number	= {8},
  pages		= {651--663},
  year		= {2011},
  publisher	= {American Journal of Science}
}

@Article{	  mitchell2012supercontinent,
  title		= {Supercontinent cycles and the calculation of absolute
		  palaeolongitude in deep time},
  author	= {Mitchell, Ross N and Kilian, Taylor M and Evans, David
		  AD},
  journal	= {Nature},
  volume	= {482},
  number	= {7384},
  pages		= {208--211},
  year		= {2012},
  publisher	= {Nature Publishing Group}
}

@Article{	  mitrovica2004new,
  title		= {A new inference of mantle viscosity based upon joint
		  inversion of convection and glacial isostatic adjustment
		  data},
  author	= {Mitrovica, JX and Forte, AM},
  journal	= {Earth and Planetary Science Letters},
  volume	= {225},
  number	= {1},
  pages		= {177--189},
  year		= {2004},
  publisher	= {Elsevier}
}

@Article{	  muller1993revised,
  title		= {Revised plate motions relative to the hotspots from
		  combined {A}tlantic and {I}ndian {O}cean hotspot tracks},
  author	= {M{\"u}ller, R Dietmar and Royer, Jean-Yves and Lawver,
		  Lawrence A},
  journal	= {Geology},
  volume	= {21},
  number	= {3},
  pages		= {275--278},
  year		= {1993},
  publisher	= {Geological Society of America}
}

@Book{		  munk1960rotation,
  title		= {The Rotation of the Earth, 323},
  author	= {Munk, WH and MacDonald, GJF},
  year		= {1960},
  publisher	= {Cambridge University Press, New York}
}

@Article{	  nakiboglu1982hydrostatic,
  title		= {Hydrostatic theory of the Earth and its mechanical
		  implications},
  author	= {Nakiboglu, SM},
  journal	= {Physics of the Earth and Planetary Interiors},
  volume	= {28},
  number	= {4},
  pages		= {302--311},
  year		= {1982},
  publisher	= {Elsevier}
}

@Article{	  patil2010pymc,
  title		= {PyMC: {B}ayesian stochastic modelling in {P}ython},
  author	= {Patil, Anand and Huard, David and Fonnesbeck, Christopher
		  J},
  journal	= {Journal of statistical software},
  volume	= {35},
  number	= {4},
  pages		= {1},
  year		= {2010},
  publisher	= {Europe PMC Funders}
}

@Article{	  peltier1974impulse,
  title		= {The impulse response of a Maxwell Earth},
  author	= {Peltier, WR},
  journal	= {Reviews of Geophysics},
  volume	= {12},
  number	= {4},
  pages		= {649--669},
  year		= {1974},
  publisher	= {Wiley Online Library}
}

@Article{	  pesonen1983geomagnetic,
  title		= {Geomagnetic field intensity and reversal asymmetry in late
		  Precambrian Keweenawan rocks},
  author	= {Pesonen, Lauri J and Halls, Henry C},
  journal	= {Geophysical Journal International},
  volume	= {73},
  number	= {1},
  pages		= {241--270},
  year		= {1983},
  publisher	= {Oxford University Press}
}

@InCollection{	  poliakov1993explicit,
  title		= {An explicit inertial method for the simulation of
		  viscoelastic flow: an evaluation of elastic effects on
		  diapiric flow in two-and three-layers models},
  author	= {Poliakov, ANB and Cundall, PA and Podladchikov, YY and
		  Lyakhovsky, VA},
  booktitle	= {Flow and Creep in the Solar System: observations, modeling
		  and Theory},
  pages		= {175--195},
  year		= {1993},
  publisher	= {Springer}
}

@Article{	  popov2008slim3d,
  title		= {{S}{L}{I}{M}3{D}: A tool for three-dimensional
		  thermomechanical modeling of lithospheric deformation with
		  elasto-visco-plastic rheology},
  author	= {Popov, AA and Sobolev, SV},
  journal	= {Physics of the Earth and Planetary Interiors},
  volume	= {171},
  number	= {1},
  pages		= {55--75},
  year		= {2008},
  publisher	= {Elsevier}
}

@Article{	  quinquis2011role,
  title		= {The role of boundary conditions in numerical models of
		  subduction zone dynamics},
  author	= {Quinquis, Matthieu ET and Buiter, Susanne JH and Ellis,
		  Susan},
  journal	= {Tectonophysics},
  volume	= {497},
  number	= {1},
  pages		= {57--70},
  year		= {2011},
  publisher	= {Elsevier}
}

@Article{	  ricard1993polar,
  title		= {Polar wandering of a dynamic Earth},
  author	= {Ricard, Yanick and Spada, Giorgio and Sabadini, Roberto},
  journal	= {Geophysical Journal International},
  volume	= {113},
  number	= {2},
  pages		= {284--298},
  year		= {1993},
  publisher	= {Wiley Online Library}
}

@Article{	  richards1984geoid,
  title		= {Geoid anomalies in a dynamic {E}arth},
  author	= {Richards, Mark A and Hager, Bradford H},
  journal	= {Journal of Geophysical Research},
  volume	= {89},
  number	= {B7},
  pages		= {5987--6002},
  year		= {1984}
}

###Article{	  richards1984geoid,
  title		= {Geoid anomalies in a dynamic Earth},
  author	= {Richards, Mark A and Hager, Bradford H},
  journal	= {Journal of Geophysical Research: Solid Earth
		  (1978--2012)},
  volume	= {89},
  number	= {B7},
  pages		= {5987--6002},
  year		= {1984},
  publisher	= {Wiley Online Library}
}

@Article{	  richards1997explanation,
  title		= {An explanation for Earth's long-term rotational
		  stability},
  author	= {Richards, Mark A and Ricard, Yanick and
		  Lithgow-Bertelloni, Carolina and Spada, Giorgio and
		  Sabadini, Roberto},
  journal	= {Science},
  volume	= {275},
  number	= {5298},
  pages		= {372--375},
  year		= {1997},
  publisher	= {American Association for the Advancement of Science}
}

@Article{	  richards1999polar,
  title		= {Polar wandering in mantle convection models},
  author	= {Richards, MA and Bunge, H-P and Ricard, Y and Baumgardner,
		  JR},
  journal	= {Geophysical research letters},
  volume	= {26},
  number	= {12},
  pages		= {1777--1780},
  year		= {1999},
  publisher	= {Wiley Online Library}
}

@Article{	  roberts2007cause,
  title		= {The cause for the north--south orientation of the crustal
		  dichotomy and the equatorial location of Tharsis on Mars},
  author	= {Roberts, James H and Zhong, Shijie},
  journal	= {Icarus},
  volume	= {190},
  number	= {1},
  pages		= {24--31},
  year		= {2007},
  publisher	= {Elsevier}
}

@Article{	  rose2016free,
  title		= {Stability and accuracy of free surface time integration in
		  viscous flows},
  author	= {Rose, I and Buffett, B and Heister, T},
  year		= {2016}
}

@Article{	  rudolph2014history,
  title		= {History and dynamics of net rotation of the mantle and
		  lithosphere},
  author	= {Rudolph, Maxwell L and Zhong, SJ},
  journal	= {Geochemistry, Geophysics, Geosystems},
  volume	= {15},
  number	= {9},
  pages		= {3645--3657},
  year		= {2014},
  publisher	= {Wiley Online Library}
}

@Article{	  sabadini1981pleistocene,
  title		= {Pleistocene deglaciation and the Earth's rotation:
		  implications for mantle viscosity},
  author	= {Sabadini, R and Peltier, WR},
  journal	= {Geophysical Journal International},
  volume	= {66},
  number	= {3},
  pages		= {553--578},
  year		= {1981},
  publisher	= {Oxford University Press}
}

@Article{	  schmeling2008benchmark,
  title		= {A benchmark comparison of spontaneous subduction
		  models—towards a free surface},
  author	= {Schmeling, H and Babeyko, AY and Enns, A and Faccenna, C
		  and Funiciello, F and Gerya, T and Golabek, GJ and Grigull,
		  S and Kaus, BJP and Morra, G and others},
  journal	= {Physics of the Earth and Planetary Interiors},
  volume	= {171},
  number	= {1},
  pages		= {198--223},
  year		= {2008},
  publisher	= {Elsevier}
}

@Book{		  schubert2001mantle,
  title		= {Mantle Convection in the Earth and Planets},
  author	= {Schubert, Gerald and Turcotte, Donald L and Olson, Peter},
  year		= {2001},
  publisher	= {Cambridge University Press}
}

@Article{	  seton2012global,
  title		= {Global continental and ocean basin reconstructions since
		  200Ma},
  author	= {Seton, M and M{\"u}ller, RD and Zahirovic, S and Gaina, C
		  and Torsvik, T and Shephard, G and Talsma, A and Gurnis, M
		  and Turner, M and Maus, S and others},
  journal	= {Earth-Science Reviews},
  volume	= {113},
  number	= {3},
  pages		= {212--270},
  year		= {2012},
  publisher	= {Elsevier}
}

@Article{	  smirnov2010co,
  title		= {Co-location of eruption sites of the Siberian Traps and
		  North Atlantic Igneous Province: Implications for the
		  nature of hotspots and mantle plumes},
  author	= {Smirnov, Aleksey V and Tarduno, John A},
  journal	= {Earth and Planetary Science Letters},
  volume	= {297},
  number	= {3},
  pages		= {687--690},
  year		= {2010},
  publisher	= {Elsevier}
}

@Article{	  solomatov1995scaling,
  title		= {Scaling of temperature-and stress-dependent viscosity
		  convection},
  author	= {Solomatov, VS},
  journal	= {Physics of Fluids (1994-present)},
  volume	= {7},
  number	= {2},
  pages		= {266--274},
  year		= {1995},
  publisher	= {AIP Publishing}
}

@Article{	  spada1992excitation,
  title		= {Excitation of true polar wander by subduction},
  author	= {Spada, Giorgio and Ricard, Yanick and Sabadini, Roberto},
  journal	= {Nature},
  volume	= {360},
  number	= {6403},
  pages		= {452--454},
  year		= {1992}
}

@Article{	  spada1993particular,
  title		= {On a particular solution of the non-linear Liouville
		  equations},
  author	= {Spada, Giorgio and Sabadini, Roberto and Ricard, Yanick},
  journal	= {Geophysical Journal International},
  volume	= {114},
  number	= {2},
  pages		= {399--404},
  year		= {1993},
  publisher	= {Oxford University Press}
}

@Article{	  spada1996long,
  author	= {Spada, G. and Sabadini, R. and Boschi, E.},
  title		= {Long-term rotation and mantle dynamics of the Earth, Mars,
		  and Venus},
  journal	= {Journal of Geophysical Research: Planets},
  volume	= {101},
  number	= {E1},
  issn		= {2156-2202},
  url		= {http://dx.doi.org/10.1029/95JE03222},
  doi		= {10.1029/95JE03222},
  pages		= {2253--2266},
  year		= {1996}
}

@Book{		  stacey1977physics,
  title		= {Physics of the Earth},
  author	= {Stacey, Frank D and Dessler, AJ and Michel, FC},
  year		= {1977},
  publisher	= {Wiley New York}
}

@Article{	  steinberger1997changes,
  title		= {Changes of the Earth's rotation axis owing to advection of
		  mantle density heterogeneities},
  author	= {Steinberger, Bernhard and O'Connell, Richard J},
  journal	= {Nature},
  volume	= {387},
  number	= {6629},
  pages		= {169--173},
  year		= {1997}
}

@Article{	  swanson2009no,
  title		= {No asymmetry in geomagnetic reversals recorded by
		  1.1-billion-year-old {K}eweenawan basalts},
  author	= {Swanson-Hysell, Nicholas L and Maloof, Adam C and Weiss,
		  Benjamin P and Evans, David AD},
  journal	= {Nature Geoscience},
  volume	= {2},
  number	= {10},
  pages		= {713--717},
  year		= {2009},
  publisher	= {Nature Publishing Group}
}

@Article{	  tarling1996a,
  author	= {Tarling, D. H. and Abdeldayem, A. L.},
  journal	= {Geophysical Journal International},
  number	= {1},
  pages		= {115--122},
  title		= {Palaeomagnetic‐Pole Errors and A
		  `Small‐Circle'Assessment of the Gondwanan Polar‐Wander
		  Path},
  volume	= {125},
  year		= {1996}
}

@Article{	  tarling1996palaeomagnetic,
  title		= {Palaeomagnetic-pole errors and a
		  ‘small-circle’assessment of the Gondwanan polar-wander
		  path},
  author	= {Tarling, DH and Abdeldayem, AL},
  journal	= {Geophysical Journal International},
  volume	= {125},
  number	= {1},
  pages		= {115--122},
  year		= {1996},
  publisher	= {Oxford University Press}
}

@Article{	  thieulot2011fantom,
  title		= {{F}{A}{N}{T}{O}{M}: Two-and three-dimensional numerical
		  modelling of creeping flows for the solution of geological
		  problems},
  author	= {Thieulot, Cedric},
  journal	= {Physics of the Earth and Planetary Interiors},
  volume	= {188},
  number	= {1},
  pages		= {47--68},
  year		= {2011},
  publisher	= {Elsevier}
}

@Article{	  torsvik2012phanerozoic,
  title		= {Phanerozoic polar wander, palaeogeography and dynamics},
  author	= {Torsvik, Trond H and Van der Voo, Rob and Preeden, Ulla
		  and Mac Niocaill, Conall and Steinberger, Bernhard and
		  Doubrovine, Pavel V and van Hinsbergen, Douwe JJ and
		  Domeier, Mathew and Gaina, Carmen and Tohver, Eric and
		  others},
  journal	= {Earth-Science Reviews},
  volume	= {114},
  number	= {3},
  pages		= {325--368},
  year		= {2012},
  publisher	= {Elsevier}
}

@Article{	  tsai2007theoretical,
  title		= {Theoretical constraints on true polar wander},
  author	= {Tsai, Victor C and Stevenson, David J},
  journal	= {Journal of geophysical research},
  volume	= {112},
  number	= {B5},
  pages		= {B05415},
  year		= {2007},
  publisher	= {American Geophysical Union}
}

@Article{	  turcotte1967finite,
  title		= {Finite amplitude convective cells and continental drift},
  author	= {Turcotte, DL and Oxburgh, ER},
  journal	= {Journal of Fluid Mechanics},
  volume	= {28},
  number	= {01},
  pages		= {29--42},
  year		= {1967},
  publisher	= {Cambridge Univ Press}
}

@Article{	  van2011numpy,
  title		= {The {N}um{P}y array: a structure for efficient numerical
		  computation},
  author	= {Van Der Walt, Stefan and Colbert, S Chris and Varoquaux,
		  Gael},
  journal	= {Computing in Science \& Engineering},
  volume	= {13},
  number	= {2},
  pages		= {22--30},
  year		= {2011},
  publisher	= {AIP Publishing}
}

@Article{	  vanderwalt2011numpy,
  author	= {S. van der Walt and S. C. Colbert and G. Varoquaux},
  journal	= {Computing in Science Engineering},
  title		= {The {N}um{P}y Array: A Structure for Efficient Numerical
		  Computation},
  year		= {2011},
  volume	= {13},
  number	= {2},
  pages		= {22-30},
  keywords	= {data structures;high level languages;mathematics
		  computing;numerical analysis;Python programming
		  language;high level language;numerical
		  computation;numerical data;numpy array;Arrays;Computational
		  efficiency;Finite element methods;Numerical
		  analysis;Performance evaluation;Resource management;Vector
		  quantization;NumPy;Python;numerical
		  computations;programming libraries;scientific programming},
  doi		= {10.1109/MCSE.2011.37},
  issn		= {1521-9615},
  month		= {March}
}

@Article{	  zhong1996free,
  title		= {Free-surface formulation of mantle convection-{I}. {B}asic
		  theory and application to plumes},
  author	= {Zhong, Shijie and Gurnis, Michael and Moresi, Louis},
  journal	= {Geophysical Journal International},
  volume	= {127},
  number	= {3},
  pages		= {708--718},
  year		= {1996},
  publisher	= {Oxford University Press}
}

@Article{	  zhong2000role,
  title		= {Role of temperature-dependent viscosity and surface plates
		  in spherical shell models of mantle convection},
  author	= {Zhong, Shijie and Zuber, Maria T and Moresi, Louis and
		  Gurnis, Michael},
  journal	= {Journal of Geophysical Research: Solid Earth
		  (1978--2012)},
  volume	= {105},
  number	= {B5},
  pages		= {11063--11082},
  year		= {2000},
  publisher	= {Wiley Online Library}
}

@Article{	  zhong2007supercontinent,
  title		= {Supercontinent cycles, true polar wander, and very
		  long-wavelength mantle convection},
  author	= {Zhong, Shijie and Zhang, Nan and Li, Zheng-Xiang and
		  Roberts, James H},
  journal	= {Earth and Planetary Science Letters},
  volume	= {261},
  number	= {3},
  pages		= {551--564},
  year		= {2007},
  publisher	= {Elsevier}
}

@Book{		  zienkiewicz1977finite,
  title		= {The finite element method},
  author	= {Zienkiewicz, Olgierd Cecil and Taylor, Robert Leroy},
  volume	= {3},
  year		= {1977},
  publisher	= {McGraw-Hill London}
}
