@article{creer1954direction,
  title={The direction of the geomagnetic field in remote epochs in Great Britain},
  author={Creer, KM and Irving, Edward and Runcorn, SK},
  journal={Journal of geomagnetism and geoelectricity},
  volume={6},
  number={4},
  pages={163--168},
  year={1954},
  publisher={Society of Geomagnetism and Earth, Planetary and Space Sciences}
}

@article{creer1957geophysical,
  title={Geophysical interpretation of palaeomagnetic directions from Great Britain},
  author={Creer, KM and Irving, E and Runcorn, SK},
  journal={Philosophical Transactions of the Royal Society of London A: Mathematical, Physical and Engineering Sciences},
  volume={250},
  number={974},
  pages={144--156},
  year={1957},
  publisher={The Royal Society}
}

@book{wilford2001mapmakers,
  title={The mapmakers},
  author={Wilford, John Noble},
  year={2001},
  publisher={Vintage}
}

@inproceedings{stahl1942astronomy,
  title={Astronomy and Geography in Macrobius},
  author={Stahl, William Harris},
  booktitle={Transactions and Proceedings of the American Philological Association},
  pages={232--258},
  year={1942},
  organization={JSTOR}
}

@book{newton1728principia,
  title={Sir Isaac Newton's Mathematical Principles of Natural Philosophy and His System of the World},
  author={Newton, I},
  isbn={9780520009271},
  lccn={62002868},
  year={1946},
  publisher={University of California Press}
}

@article{day1955polar,
  title={Polar wandering: some geological, dynamical and palaeomagnetic aspects},
  author={Day, AA and Runcorn, SK},
  journal={Nature},
  volume={176},
  pages={422--426},
  year={1955}
}

@article{runcorn1955rock,
  title={Rock magnetismâ€”geophysical aspects},
  author={Runcorn, SK},
  journal={Advances in Physics},
  volume={4},
  number={14},
  pages={244--291},
  year={1955},
  publisher={Taylor \& Francis}
}

@article{gold1955instability,
  title={Instability of the Earth's axis of rotation},
  author={Gold, Thomas},
  year={1955},
  publisher={Nature Publishing Group}
}

@article{ricard1993polar,
  title={Polar wandering of a dynamic Earth},
  author={Ricard, Yanick and Spada, Giorgio and Sabadini, Roberto},
  journal={Geophysical Journal International},
  volume={113},
  number={2},
  pages={284--298},
  year={1993},
  publisher={Wiley Online Library}
}
@article{kirschvink1997evidence,
  title={Evidence for a large-scale reorganization of Early Cambrian continental masses by inertial interchange true polar wander},
  author={Kirschvink, Joseph L and Ripperdan, Robert L and Evans, David A},
  journal={Science},
  volume={277},
  number={5325},
  pages={541--545},
  year={1997},
  publisher={American Association for the Advancement of Science}
}
@article{evans2003true,
  title={True polar wander and supercontinents},
  author={Evans, David AD},
  journal={Tectonophysics},
  volume={362},
  number={1},
  pages={303--320},
  year={2003},
  publisher={Elsevier}
}

@book{koppen1924,
author = "W. K{\"o}ppen and Alfred Wegener",
title = "Die Klimate der geologischen Vorzeit",
publisher = "Schweizerbart Science Publishers",
address = "Stuttgart, Germany",
month = 01,
year = 1924,
}

@book{munk1960rotation,
  title={The Rotation of the Earth, 323},
  author={Munk, WH and MacDonald, GJF},
  year={1960},
  publisher={Cambridge University Press, New York}
}

@article{barrell1914status,
  title={The status of hypotheses of polar wanderings},
  author={Barrell, Joseph},
  journal={Science},
  pages={333--340},
  year={1914},
  publisher={JSTOR}
}

@article{darwin1887influence,
  title={On the influence of geological changes on the Earth's axis of rotation},
  journal={Philosophical Transactions of the Royal Society},
  author={Darwin, George},
  year={1887}
}

@article{kirschvink2003methane,
  title={A methane fuse for the Cambrian explosion: carbon cycles and true polar wander},
  author={Kirschvink, Joseph L and Raub, Timothy D},
  journal={Comptes Rendus Geoscience},
  volume={335},
  number={1},
  pages={65--78},
  year={2003},
  publisher={Elsevier}
}

@article{garrick2014tidal,
  title={The tidal-rotational shape of the Moon and evidence for polar wander},
  author={Garrick-Bethell, Ian and Perera, Viranga and Nimmo, Francis and Zuber, Maria T},
  journal={Nature},
  volume={512},
  number={7513},
  pages={181--184},
  year={2014},
  publisher={Nature Publishing Group}
}
@article{perron2007evidence,
  title={Evidence for an ancient martian ocean in the topography of deformed shorelines},
  author={Perron, J Taylor and Mitrovica, Jerry X and Manga, Michael and Matsuyama, Isamu and Richards, Mark A},
  journal={Nature},
  volume={447},
  number={7146},
  pages={840--843},
  year={2007},
  publisher={Nature Publishing Group}
}

@article{nimmo2006diapir,
  title={Diapir-induced reorientation of Saturn's moon Enceladus},
  author={Nimmo, Francis and Pappalardo, Robert T},
  journal={Nature},
  volume={441},
  number={7093},
  pages={614--616},
  year={2006},
  publisher={Nature Publishing Group}
}


@article{mound1999sea,
  title={A sea-level test for inertial interchange true polar wander events},
  author={Mound, Jon E and Mitrovica, Jerry X and Evans, David AD and Kirschvink, Joseph L},
  journal={Geophysical Journal International},
  volume={136},
  number={3},
  pages={F5--F10},
  year={1999},
  publisher={Oxford University Press}
}

@article{irving1958polar,
  title={Polar movement relative to Australia},
  author={Irving, E and Green, Ronald},
  journal={Geophysical Journal International},
  volume={1},
  number={1},
  pages={64--72},
  year={1958},
  publisher={Oxford University Press}
}

@article{munk1956polar,
  title={Polar wandering: a marathon of errors},
  author={Munk, Walter H},
  journal={Nature},
  volume={177},
  pages={551--554},
  year={1956}
}

@article{goldreich1969some,
  title={Some remarks on polar wandering},
  author={Goldreich, Peter and Toomre, Alar},
  journal={Journal of Geophysical Research},
  volume={74},
  number={10},
  pages={2555--2567},
  year={1969},
  publisher={Wiley Online Library}
}
